<record><leader>00000cas a22000007a 4500</leader><controlfield tag="001">18579138</controlfield><controlfield tag="008">881007d19481970laudn ne      0    0eng d</controlfield><datafield ind1=" " ind2=" " tag="010"><subfield code="a">sn 88064663 </subfield></datafield><datafield ind1=" " ind2=" " tag="040"><subfield code="a">LNP</subfield><subfield code="b">eng</subfield><subfield code="c">LNP</subfield><subfield code="d">OCLCQ</subfield><subfield code="d">OCLCO</subfield></datafield><datafield ind1="1" ind2=" " tag="029"><subfield code="a">AU@</subfield><subfield code="b">000020566416</subfield></datafield><datafield ind1=" " ind2=" " tag="042"><subfield code="a">msc</subfield></datafield><datafield ind1=" " ind2=" " tag="043"><subfield code="a">n-us-la</subfield></datafield><datafield ind1="0" ind2=" " tag="130"><subfield code="a">Jennings daily news (Jennings, La. : 1948)</subfield></datafield><datafield ind1="1" ind2="0" tag="245"><subfield code="a">Jennings daily news.</subfield></datafield><datafield ind1=" " ind2=" " tag="260"><subfield code="a">[Jennings, La.] :</subfield><subfield code="b">Franklin Hildebrand</subfield></datafield><datafield ind1=" " ind2=" " tag="300"><subfield code="a">v.</subfield></datafield><datafield ind1=" " ind2=" " tag="310"><subfield code="a">Daily (except Sat. and Sun.)</subfield></datafield><datafield ind1="0" ind2=" " tag="362"><subfield code="a">Vol. 52, no. 80 (Oct. 4, 1948)-v. 77, no. 227 [i.e. 228] (Nov. 12, 1970).</subfield></datafield><datafield ind1=" " ind2=" " tag="500"><subfield code="a">"Official journal Jeff Davis Parish Police Jury, Jeff Davis Parish School Board, city of Jennings, town of Lake Arthur and Elton."</subfield></datafield><datafield ind1=" " ind2="0" tag="651"><subfield code="a">Jennings (La.)</subfield><subfield code="v">Newspapers.</subfield></datafield><datafield ind1=" " ind2="0" tag="651"><subfield code="a">Lake Arthur (La.)</subfield><subfield code="v">Newspapers.</subfield></datafield><datafield ind1=" " ind2="0" tag="651"><subfield code="a">Elton (La.)</subfield><subfield code="v">Newspapers.</subfield></datafield><datafield ind1=" " ind2=" " tag="752"><subfield code="a">United States</subfield><subfield code="b">Louisiana</subfield><subfield code="c">Jefferson Davis</subfield><subfield code="d">Jennings.</subfield></datafield><datafield ind1=" " ind2=" " tag="752"><subfield code="a">United States</subfield><subfield code="b">Louisiana</subfield><subfield code="c">Jefferson Davis</subfield><subfield code="d">Lake Arthur.</subfield></datafield><datafield ind1=" " ind2=" " tag="752"><subfield code="a">United States</subfield><subfield code="b">Louisiana</subfield><subfield code="c">Jefferson Davis</subfield><subfield code="d">Elton.</subfield></datafield><datafield ind1="0" ind2="0" tag="780"><subfield code="t">Jeff Davis Parish news</subfield><subfield code="w">(DLC)sn 88064207</subfield></datafield><datafield ind1="0" ind2="0" tag="785"><subfield code="t">Daily news (Jennings, La.)</subfield><subfield code="w">(DLC)sn 88064664</subfield></datafield></record>